@Article{Adams2009,
   AUTHOR = {Adams, S. and Spang, R. and Preusse, P. and Heinemann, G.},
    TITLE = {The benefit of limb cloud imaging for infrared limb sounding of tropospheric trace gases},
  JOURNAL = {Atmospheric Measurement Techniques},
   VOLUME = {2},
     YEAR = {2009},
   NUMBER = {1},
    PAGES = {287--298},
      URL = {http://www.atmos-meas-tech.net/2/287/2009/},
      DOI = {10.5194/amt-2-287-2009}
}

@article{Andersson2015,
  title={Significant radiative impact of volcanic aerosol in the lowermost stratosphere},
  author={Andersson, Sandra M and Martinsson, Bengt G and Vernier, Jean-Paul and Friberg, Johan and Brenninkmeijer, Carl AM and Hermann, Markus and van Velthoven, Peter FJ and Zahn, Andreas},
  journal={Nature communications},
  volume={6},
  year={2015},
  publisher={Nature Publishing Group}
}

@article{Andreae2005,
  title={Strong present-day aerosol cooling implies a hot future},
  author={Andreae, Meinrat O and Jones, Chris D and Cox, Peter M},
  journal={Nature},
  volume={435},
  number={7046},
  pages={1187--1190},
  year={2005},
  publisher={Nature Publishing Group}
}

@ARTICLE{Baldwin2007,
  title={How will the stratosphere affect climate change?},
  author={Baldwin, Mark P and Dameris, Martin and Shepherd, Theodore G},
  journal={Science},
  volume={316},
  number={5831},
  pages={1576--1577},
  year={2007},
  publisher={American Association for the Advancement of Science}
}

@article{Barth1983,
  title={Solar mesosphere explorer: Scientific objectives and results},
  author={Barth, CA and Rusch, DW and Thomas, RJ and Mount, GH and Rottman, GJ and Thomas, GE and Sanders, RW and Lawrence, GM},
  journal={Geophysical research letters},
  volume={10},
  number={4},
  pages={237--240},
  year={1983},
  publisher={Wiley Online Library}
}

@ARTICLE{Bates1992,
  title={Sulfur emissions to the atmosphere from natural sourees},
  author={Bates, TS and Lamb, BK and Guenther, A and Dignon, J and Stoiber, RE},
  journal={Journal of Atmospheric Chemistry},
  volume={14},
  number={1-4},
  pages={315--337},
  year={1992},
  publisher={Springer}
}

@article{Berthet2002,
  title={Optical and physical properties of stratospheric aerosols from balloon measurements in the visible and near-infrared domains. I. Analysis of aerosol extinction spectra from the AMON and SALOMON balloonborne spectrometers},
  author={Berthet, Gwena{\"e}l and Renard, Jean-Baptiste and Brogniez, Colette and Robert, Claude and Chartier, Michel and Pirre, Michel},
  journal={Applied optics},
  volume={41},
  number={36},
  pages={7522--7539},
  year={2002},
  publisher={Optical Society of America}
}

@article{Beuttell1949,
  author={R G Beuttell and A W Brewer},
  title={Instruments for the Measurement of the Visual Range},
  journal={Journal of Scientific Instruments},
  volume={26},
  number={11},
  pages={357},
  url={http://stacks.iop.org/0950-7671/26/i=11/a=302},
  year={1949},
  abstract={It is often necessary to know the visual range or `visibility' at times when a direct observation on `visibility marks' is not possible. This note describes a series of instruments of small size in which the visibility is measured by measuring directly the scattering coefficient of a relatively small volume of the air. The instruments take different forms according to what is most convenient for the conditions of use but all give the true scattering coefficient irrespective (within wide limits) of the nature of the polar distribution of the scattered light. This is achieved because the polar curve is effectively integrated in the measurement.}
}

@article{Bingen2004,
  title={A global climatology of stratospheric aerosol size distribution parameters derived from SAGE II data over the period 1984--2000: 1. Methodology and climatological observations},
  author={Bingen, Christine and Fussen, Didier and Vanhellemont, Filip},
  journal={Journal of Geophysical Research: Atmospheres (1984--2012)},
  volume={109},
  number={D6},
  year={2004},
  publisher={Wiley Online Library}
}

@ARTICLE{Bourassa2005,
   author = {{Bourassa}, A.~E. and {Degenstein}, D.~A. and {Llewellyn}, E.~J.
	},
    title = "{Climatology of the subvisual cirrus clouds as seen by OSIRIS on Odin}",
  journal = {Advances in Space Research},
     year = 2005,
   volume = 36,
    pages = {807-812},
      doi = {10.1016/j.asr.2005.05.045},
}

@ARTICLE{Bourassa2007,
   author = {{Bourassa}, A.~E. and {Degenstein}, D.~A. and {Gattinger}, R.~L. and
	{Llewellyn}, E.~J.},
    title = "{Stratospheric aerosol retrieval with optical spectrograph and infrared imaging system limb scatter measurements}",
  journal = {Journal of Geophysical Research (Atmospheres)},
 keywords = {Atmospheric Composition and Structure: Aerosols and particles (0345, 4801, 4906), Atmospheric Composition and Structure: Radiation: transmission and scattering, Atmospheric Processes: Remote sensing},
     year = 2007,
    month = may,
   volume = 112,
   number = D11,
      eid = {D10217},
    pages = {10217},
      doi = {10.1029/2006JD008079},
   adsurl = {http://adsabs.harvard.edu/abs/2007JGRD..11210217B},
  adsnote = {Provided by the SAO/NASA Astrophysics Data System}
}

@PhDthesis{Bourassa2007t,
   author = {{Bourassa}, A. E.},
    title = "{Stratospheric aerosol retrieval from osiris limb scattered sunlight spectra}",
    school =     {Univeristy of Saskatchewan},
    address =     {105 Administration Place, Saskatoon, SK S7N 5A2},
    year = 2007
}

@ARTICLE{Bourassa2008a,
   author = {{Bourassa}, A.~E. and {Degenstein}, D.~A. and {Llewellyn}, E.~J.},
    title = "{SASKTRAN: A spherical geometry radiative transfer code for efficient estimation of limb scattered sunlight}",
  journal = {Journal of Quantitative Spectroscopy and Radiative Transfer},
     year = 2008,
    month = jan,
   volume = 109,
    pages = {52-73},
      doi = {10.1016/j.jqsrt.2007.07.007},
   adsurl = {http://adsabs.harvard.edu/abs/2008JQSRT.109...52B},
  adsnote = {Provided by the SAO/NASA Astrophysics Data System}
}

@ARTICLE{Bourassa2008b,
   author = {{Bourassa}, A.~E. and {Degenstein}, D.~A. and {Llewellyn}, E.~J.
	},
    title = "{Retrieval of stratospheric aerosol size information from OSIRIS limb scattered sunlight spectra}",
  journal = {Atmospheric Chemistry \& Physics},
     year = 2008,
    month = nov,
   volume = 8,
    pages = {6375-6380},
   adsurl = {http://adsabs.harvard.edu/abs/2008ACP.....8.6375B},
  adsnote = {Provided by the SAO/NASA Astrophysics Data System}
}

@ARTICLE{Bourassa2010,
   author = {{Bourassa}, A.~E. and {Degenstein}, D.~A. and {Elash}, B.~J. and
	{Llewellyn}, E.~J.},
    title = "{Evolution of the stratospheric aerosol enhancement following the eruptions of Okmok and Kasatochi: Odin-OSIRIS measurements}",
  journal = {Journal of Geophysical Research (Atmospheres)},
 keywords = {Atmospheric Composition and Structure: Aerosols and particles (0345, 4801, 4906), Atmospheric Composition and Structure: Volcanic effects (8409), Atmospheric Composition and Structure: Middle atmosphere: composition and chemistry},
     year = 2010,
    month = jul,
   volume = 115,
   number = D14,
      eid = {D00L03},
    pages = {0},
      doi = {10.1029/2009JD013274},
   adsurl = {http://adsabs.harvard.edu/abs/2010JGRD..11500L03B},
  adsnote = {Provided by the SAO/NASA Astrophysics Data System}
}

@Article{Bourassa2011,
AUTHOR = {Bourassa, A. E. and McLinden, C. A. and Sioris, C. E. and Brohede, S. and Bathgate, A. F. and Llewellyn, E. J. and Degenstein, D. A.},
TITLE = {Fast NO$_{2}$ retrievals from Odin-OSIRIS limb scatter measurements},
JOURNAL = {Atmospheric Measurement Techniques},
VOLUME = {4},
YEAR = {2011},
NUMBER = {5},
PAGES = {965--972},
URL = {http://www.atmos-meas-tech.net/4/965/2011/},
DOI = {10.5194/amt-4-965-2011}
}

@ARTICLE{Bourassa2012a,
   author = {{Bourassa}, A.~E. and {Rieger}, L.~A. and {Lloyd}, N.~D. and
	{Degenstein}, D.~A.},
    title = "{Odin-OSIRIS stratospheric aerosol data product and SAGE III intercomparison}",
  journal = {Atmospheric Chemistry \& Physics},
     year = 2012,
    month = jan,
   volume = 12,
    pages = {605-614},
      doi = {10.5194/acp-12-605-2012},
   adsurl = {http://adsabs.harvard.edu/abs/2012ACP....12..605B},
  adsnote = {Provided by the SAO/NASA Astrophysics Data System}
}

@ARTICLE{Bourassa2012b,
   author = {{Bourassa}, A.~E. and {McLinden}, C.~A. and {Bathgate}, A.~F. and
	{Elash}, B.~J. and {Degenstein}, D.~A.},
    title = "{Precision estimate for Odin-OSIRIS limb scatter retrievals}",
  journal = {Journal of Geophysical Research (Atmospheres)},
     year = 2012,
    month = feb,
   volume = 117,
   number = D14,
      eid = {D04303},
    pages = {0},
      doi = {10.1029/2011JD016976},
}

@article{Bourassa2012c,
  title={Large volcanic aerosol load in the stratosphere linked to Asian monsoon transport},
  author={Bourassa, Adam E and Robock, Alan and Randel, William J and Deshler, Terry and Rieger, Landon A and Lloyd, Nicholas D and Llewellyn, EJ Ted and Degenstein, Douglas A},
  journal={Science},
  volume={337},
  number={6090},
  pages={78--81},
  year={2012},
  publisher={American Association for the Advancement of Science}
}

@article{Bourassa2013,
  title={Response to Comments on" Large Volcanic Aerosol Load in the Stratosphere Linked to Asian Monsoon Transport"},
  author={Bourassa, Adam E and Robock, Alan and Randel, William J and Deshler, Terry and Rieger, Landon A and Lloyd, Nicholas D and Llewellyn, EJ and Degenstein, Douglas A},
  journal={Science},
  volume={339},
  number={6120},
  pages={647--647},
  year={2013},
  publisher={American Association for the Advancement of Science}
}

@Article{Bourassa2014,
AUTHOR = {Bourassa, A. E. and Degenstein, D. A. and Randel, W. J. and Zawodny, J. M. and Kyr\"ol\"a, E. and McLinden, C. A. and Sioris, C. E. and Roth, C. Z.},
TITLE = {Trends in stratospheric ozone derived from merged SAGE II and Odin-OSIRIS satellite observations},
JOURNAL = {Atmospheric Chemistry and Physics},
VOLUME = {14},
YEAR = {2014},
NUMBER = {13},
PAGES = {6983--6994},
URL = {http://www.atmos-chem-phys.net/14/6983/2014/},
DOI = {10.5194/acp-14-6983-2014}
}

@article{Bovensmann1999,
  title={SCIAMACHY: Mission objectives and measurement modes},
  author={Bovensmann, H and Burrows, JP and Buchwitz, M and Frerick, J and No{\"e}l, S and Rozanov, VV and Chance, KV and Goede, APH},
  journal={Journal of the Atmospheric Sciences},
  volume={56},
  number={2},
  pages={127--150},
  year={1999}
}

@ARTICLE{Brock1995,
   author = {{Brock}, C.~A. and {Hamill}, P. and {Wilson}, J.~C. and {Jonsson}, H.~H. and
	{Chan}, K.~R.},
    title = "{Particle Formation in the Upper Tropical Troposphere: A Source of Nuclei for the Stratospheric Aerosol}",
  journal = {Science},
     year = 1995,
    month = dec,
   volume = 270,
    pages = {1650-1653},
      doi = {10.1126/science.270.5242.1650},
   adsurl = {http://adsabs.harvard.edu/abs/1995Sci...270.1650B},
  adsnote = {Provided by the SAO/NASA Astrophysics Data System}
}

@article{Burrows1999,
  title={ATMOSPHERIC REMOTE-SENSING REFERENCE DATA FROM GOME—2. TEMPERATURE-DEPENDENT ABSORPTION CROSS SECTIONS OF O 3 IN THE 231--794NM RANGE},
  author={Burrows, JP and Richter, A and Dehn, A and Deters, B and Himmelmann, S and Voigt, S and Orphal, J},
  journal={Journal of Quantitative Spectroscopy and Radiative Transfer},
  volume={61},
  number={4},
  pages={509--517},
  year={1999},
  publisher={Elsevier}
}

@article{Charlson1969,
  title={Monitoring of atmospheric aerosol parameters with the integrating nephelometer},
  author={Charlson, Robert J and Ahlquist, NC and Selvidge, H and MacCready Jr, PB},
  journal={Journal of the Air Pollution Control Association},
  volume={19},
  number={12},
  pages={937--942},
  year={1969},
  publisher={Taylor \& Francis}
}

@ARTICLE{Chang1974,
   author = {{Chang}, I.~C.},
    title = "{Noncollinear acousto-optic filter with large angular aperture}",
  journal = {Applied Physics Letters},
     year = 1974,
    month = oct,
   volume = 25,
      eid = {370},
    pages = {370},
      doi = {10.1063/1.1655512},
   adsurl = {http://adsabs.harvard.edu/abs/1974ApPhL..25..370C},
  adsnote = {Provided by the SAO/NASA Astrophysics Data System}
}

@patent{Chang1977,
   author = {Chang, I. C.},
    title = {Noncollinear Tunable Acousto-Optic Filter},
     year = {1977},
    month = {10},
      day = {04},
   number = {US 4052121},
     type = {Patent},
 location = {US},
yearfiled = {1975},
monthfiled = {09},
 dayfiled = {10}
 }

@article{Chang1981,
   author = {Chang, I. C.},
    title = {Acousto-Optic Tunable Filters},
  journal = {Optical Engineering},
   volume = {20},
   number = {6},
    pages = {206824-206824-},
     year = {1981},
      doi = {10.1117/12.7972821},
      URL = { + http://dx.doi.org/10.1117/12.7972821},
   eprint = {}
}

@article{Charlson1992,
  title={Climate Forcing by Anthropogenic Aerosols},
  author={Charlson, RJ and Schwartz, SE and Hales, JM and Cess, RD and Coakley Jr, JA and Hansen, JE and Hofmann, DJ},
  journal={Science},
  volume={255},
  pages={423--430},
  year={1992}
}

@article{Chazette1995,
  title={Comparative lidar study of the optical, geometrical, and dynamical properties of stratospheric post-volcanic aerosols, following the eruptions of El Chichon and Mount Pinatubo},
  author={Chazette, P and David, C and Lefrere, J and Godin, S and Pelon, J and M{\'e}gie, G},
  journal={JOURNAL OF GEOPHYSICAL RESEARCH-ALL SERIES-},
  volume={100},
  pages={23--195},
  year={1995},
  publisher={AGU AMERICAN GEOPHYSICAL UNION}
}

@article{Cisewski2014,
  title={The Stratospheric Aerosol and Gas Experiment (SAGE III) on the International Space Station (ISS) Mission},
  author={Cisewski, Michael and Zawodny, Joeseph and Gasbarre, Joseph and Eckman, Richard and Topiwala, Nandkishore and Rodriguez-Alvarez, Otilia and Cheek, Dianne and Hall, Steve},
  booktitle={SPIE Remote Sensing},
  pages={924107--924107},
  year={2014},
  organization={International Society for Optics and Photonics}
}

@Article{Clarisse2014,
AUTHOR = {Clarisse, L. and Coheur, P.-F. and Theys, N. and Hurtmans, D. and Clerbaux, C.},
TITLE = {The 2011 Nabro eruption, a SO$_{2}$ plume height analysis using IASI measurements},
JOURNAL = {Atmospheric Chemistry and Physics},
VOLUME = {14},
YEAR = {2014},
NUMBER = {6},
PAGES = {3095--3111},
URL = {http://www.atmos-chem-phys.net/14/3095/2014/},
DOI = {10.5194/acp-14-3095-2014}
}

@ARTICLE{Corti2005,
   author = {{Corti}, T. and {Luo}, B.~P. and {Peter}, T. and {V{\"o}mel}, H. and
	{Fu}, Q.},
    title = "{Mean radiative energy balance and vertical mass fluxes in the equatorial upper troposphere and lower stratosphere}",
  journal = {Geophysics Research Letters},
 keywords = {Atmospheric Processes: Stratosphere/troposphere interactions, Atmospheric Processes: Radiative processes, Atmospheric Processes: Tropical meteorology},
     year = 2005,
    month = mar,
   volume = 32,
      eid = {L06802},
    pages = {6802},
      doi = {10.1029/2004GL021889}
}

@Article{Damadeo2013,
AUTHOR = {Damadeo, R. P. and Zawodny, J. M. and Thomason, L. W. and Iyer, N.},
TITLE = {SAGE version 7.0 algorithm: application to SAGE II},
JOURNAL = {Atmospheric Measurement Techniques},
VOLUME = {6},
YEAR = {2013},
NUMBER = {12},
PAGES = {3539--3561},
URL = {http://www.atmos-meas-tech.net/6/3539/2013/},
DOI = {10.5194/amt-6-3539-2013}
}

@article {Dee2011,
author = {Dee, D. P. and Uppala, S. M. and Simmons, A. J. and Berrisford, P. and Poli, P. and Kobayashi, S. and Andrae, U. and Balmaseda, M. A. and Balsamo, G. and Bauer, P. and Bechtold, P. and Beljaars, A. C. M. and van de Berg, L. and Bidlot, J. and Bormann, N. and Delsol, C. and Dragani, R. and Fuentes, M. and Geer, A. J. and Haimberger, L. and Healy, S. B. and Hersbach, H. and Hólm, E. V. and Isaksen, L. and Kållberg, P. and Köhler, M. and Matricardi, M. and McNally, A. P. and Monge-Sanz, B. M. and Morcrette, J.-J. and Park, B.-K. and Peubey, C. and de Rosnay, P. and Tavolato, C. and Thépaut, J.-N. and Vitart, F.},
title = {The ERA-Interim reanalysis: configuration and performance of the data assimilation system},
journal = {Quarterly Journal of the Royal Meteorological Society},
volume = {137},
number = {656},
publisher = {John Wiley & Sons, Ltd.},
issn = {1477-870X},
url = {http://dx.doi.org/10.1002/qj.828},
doi = {10.1002/qj.828},
pages = {553--597},
keywords = {ERA-40, 4D-Var, hydrological cycle, stratospheric circulation, observations, forecast model},
year = {2011},
}

@article{Degenstein2009,
  title={Limb scatter ozone retrieval from 10 to 60 km using a multiplicative algebraic reconstruction technique},
  author={Degenstein, DA and Bourassa, AE and Roth, CZ and Llewellyn, EJ},
  journal={Atmospheric Chemistry and Physics},
  volume={9},
  number={17},
  pages={6521--6529},
  year={2009},
  publisher={Copernicus GmbH}
}

@article{Dekemper2012,
   author = {Emmanuel Dekemper and Nicolas Loodts and Bert Van Opstal and Jeroen Maes and Filip Vanhellemont and Nina Mateshvili and Ghislain Franssens and Didier Pieroux and Christine Bingen and Charles Robert and Lieve De Vos and Ludovic Aballea and Didier Fussen},
  journal = {Applied Optics},
 keywords = {Atmospheric and oceanic optics ; Image processing; Acousto-optical devices; Air pollution monitoring; Multispectral and hyperspectral imaging ; Remote sensing and sensors},
   number = {25},
    pages = {6259--6267},
publisher = {OSA},
    title = {Tunable acousto-optic spectral imager for atmospheric composition measurements in the visible spectral domain},
   volume = {51},
    month = {Sep},
     year = {2012},
      url = {http://ao.osa.org/abstract.cfm?URI=ao-51-25-6259},
      doi = {10.1364/AO.51.006259},
 abstract = {We describe a new spectral imaging instrument using a TeO2 acousto-optical tunable filter (AOTF) operating in the visible domain (450\&\#x2013;900\&\#xA0;nm). It allows for fast (\&\#x223C;1 second), monochromatic (FWHM ranges from 0.6\&\#xA0;nm at 450\&\#xA0;nm to 3.5\&\#xA0;nm at 800\&\#xA0;nm) picture acquisition with good spatial resolution. This instrument was designed as a breadboard of the visible channel of a new satellite-borne atmospheric limb spectral imager, named the Atmospheric Limb Tracker for the Investigation of the Upcoming Stratosphere (ALTIUS), that is currently being developed. We tested its remote sensing capabilities by observing the dense, turbulent plume exhausted by a waste incinerator stack at two wavelengths sensitive to NO2. An average value of 6.0\&\#xB1;0.4\&\#xD7;1017\&\#x2009;\&\#x2009;molecules\&\#x2009;cm\&\#x2212;2 has been obtained for the NO2 slant column density within the plume, close to the stack outlet. Although this result was obtained with a rather low accuracy, it demonstrates the potential of spectral imaging by using AOTFs in remote sensing.},
}

@inproceedings{Dekemper2014,
  title={ALTIUS: a spaceborne AOTF-based UV-VIS-NIR hyperspectral imager for atmospheric remote sensing},
  author={Dekemper, Emmanuel and Fussen, Didier and Pieroux, Didier and Vanhamel, Jurgen and Van Opstal, Bert and Vanhellemont, Filip and Mateshvili, Nina and Franssens, Ghislain and Voloshinov, Vitaly and Janssen, Christof and others},
  booktitle={SPIE Remote Sensing},
  pages={92410L--92410L},
  year={2014},
  organization={International Society for Optics and Photonics}
}

@ARTICLE{Demott1997,
  title={The susceptibility of ice formation in upper tropospheric clouds to insoluble aerosol components},
  author={DeMott, Paul J and Rogers, David C and Kreidenweis, Sonia M},
  journal={Journal of Geophysical Research: Atmospheres (1984--2012)},
  volume={102},
  number={D16},
  pages={19575--19584},
  year={1997},
  publisher={Wiley Online Library}
}

@article{Deshler2003,
  title={Thirty years of in situ stratospheric aerosol size distribution measurements from Laramie, Wyoming (41 N), using balloon-borne instruments},
  author={Deshler, T and Hervig, ME and Hofmann, DJ and Rosen, JM and Liley, JB},
  journal={Journal of Geophysical Research: Atmospheres (1984--2012)},
  volume={108},
  number={D5},
  year={2003},
  publisher={Wiley Online Library}
}

@article {Deshler2006,
author = {Deshler, Terry and Anderson-Sprecher, Richard and Jäger, Horst and Barnes, John and Hofmann, David J. and Clemesha, Barclay and Simonich, Dale and Osborn, M. and Grainger, R. G. and Godin-Beekmann, Sophie},
title = {Trends in the nonvolcanic component of stratospheric aerosol over the period 1971–2004},
journal = {Journal of Geophysical Research: Atmospheres},
volume = {111},
number = {D1},
issn = {2156-2202},
url = {http://dx.doi.org/10.1029/2005JD006089},
doi = {10.1029/2005JD006089},
pages = {n/a--n/a},
keywords = {trends in background stratospheric aerosol, nonvolcanic stratospheric aerosol, statistical analysis of stratospheric aerosol},
year = {2006},
}

@article{Deshler2008,
title = "A review of global stratospheric aerosol: Measurements, importance, life cycle, and local stratospheric aerosol ",
journal = "Atmospheric Research ",
volume = "90",
number = "2–4",
pages = "223 - 232",
year = "2008",
note = "17th International Conference on Nucleation and Atmospheric AerosolsICNAA07O'Dowd \{SI\} ",
issn = "0169-8095",
doi = "http://dx.doi.org/10.1016/j.atmosres.2008.03.016",
url = "http://www.sciencedirect.com/science/article/pii/S0169809508000598",
author = "Terry Deshler",
}

@ARTICLE{Dessler2009,
   author = {{Dessler}, A.~E.},
    title = "{Clouds and water vapor in the Northern Hemisphere summertime stratosphere}",
  journal = {Journal of Geophysical Research (Atmospheres)},
 keywords = {Atmospheric Composition and Structure: Constituent sources and sinks, Atmospheric Composition and Structure: Cloud physics and chemistry, Atmospheric Composition and Structure: Troposphere: constituent transport and chemistry},
     year = 2009,
    month = nov,
   volume = 114,
   number = D13,
      eid = {D00H09},
    pages = {0},
      doi = {10.1029/2009JD012075},
}

@inproceedings{Dittman2002,
  title={Limb broad-band imaging spectrometer for the NPOESS Ozone Mapping and Profiler Suite(OMPS)},
  author={Dittman, Michael G and Leitch, James W and Chrisp, Michael and Rodriguez, Juan V and Sparks, Angela L and McComas, Brian K and Zaun, Neal H and Frazier, Doug and Dixon, Tom and Philbrick, Robert H and others},
  booktitle={Proceedings of SPIE},
  volume={4814},
  pages={120--130},
  year={2002}
}

@article{Dueck2015,
  title="{SASKTRAN-HR Polarization Module}",
  author={{Dueck} S., {Bourassa}, A.~E. and {Degenstein}, D.~A.},
  journal={In Preperations},
  %volume={19},
  %number={23},
  %pages={2313--2316},
  year={2015}
  %publisher={Wiley Online Library}
}

@article{Dutton1992,
  title={Solar radiative forcing at selected locations and evidence for global lower tropospheric cooling following the eruptions of El Chich{\'o}n and Pinatubo},
  author={Dutton, Ellsworth G and Christy, John R},
  journal={Geophysical Research Letters},
  volume={19},
  number={23},
  pages={2313--2316},
  year={1992},
  publisher={Wiley Online Library}
}

@Article{Ernst2012,
AUTHOR = {Ernst, F. and von Savigny, C. and Rozanov, A. and Rozanov, V. and Eichmann, K.-U. and Brinkhoff, L. A. and Bovensmann, H. and Burrows, J. P.},
TITLE = {Global stratospheric aerosol extinction profile retrievals from SCIAMACHY limb-scatter observations},
JOURNAL = {Atmospheric Measurement Techniques Discussions},
VOLUME = {5},
YEAR = {2012},
NUMBER = {4},
PAGES = {5993--6035},
URL = {http://www.atmos-meas-tech-discuss.net/5/5993/2012/},
DOI = {10.5194/amtd-5-5993-2012}
}

@Article{Fairlie2014,
AUTHOR = {Fairlie, T. D. and Vernier, J.-P. and Natarajan, M. and Bedka, K. M.},
TITLE = {Dispersion of the Nabro volcanic plume and its relation to the Asian summer monsoon},
JOURNAL = {Atmospheric Chemistry and Physics},
VOLUME = {14},
YEAR = {2014},
NUMBER = {13},
PAGES = {7045--7057},
URL = {http://www.atmos-chem-phys.net/14/7045/2014/},
DOI = {10.5194/acp-14-7045-2014}
}

@article{Fiocco1964,
  title={Observations of the aerosol layer at 20 km by optical radar},
  author={Fiocco, G and Grams, G},
  journal={Journal of the Atmospheric Sciences},
  volume={21},
  number={3},
  pages={323--324},
  year={1964}
}

@article{Fischer2008,
  title={MIPAS: an instrument for atmospheric and climate research},
  author={Fischer, H and Birk, M and Blom, C and Carli, B and Carlotti, M and Clarmann, T von and Delbouille, L and Dudhia, A and Ehhalt, D and Endemann, M and others},
  journal={Atmospheric Chemistry and Physics},
  volume={8},
  number={8},
  pages={2151--2188},
  year={2008},
  publisher={Copernicus GmbH}
}

@ARTICLE{Fromm2005,
   author = {{Fromm}, M. and {Bevilacqua}, R. and {Servranckx}, R. and {Rosen}, J. and
	{Thayer}, J.~P. and {Herman}, J. and {Larko}, D.},
    title = "{Pyro-cumulonimbus injection of smoke to the stratosphere: Observations and impact of a super blowup in northwestern Canada on 3-4 August 1998}",
  journal = {Journal of Geophysical Research (Atmospheres)},
 keywords = {Atmospheric Composition and Structure: Aerosols and particles (0345, 4801, 4906), Atmospheric Composition and Structure: Constituent sources and sinks, Atmospheric Composition and Structure: Middle atmosphere: composition and chemistry, Atmospheric Composition and Structure: Middle atmosphere: constituent transport and chemistry (3334), Atmospheric Composition and Structure: Troposphere: constituent transport and chemistry},
     year = 2005,
    month = apr,
   volume = 110,
   number = D9,
      eid = {D08205},
    pages = {8205},
      doi = {10.1029/2004JD005350},
}

@article{Fromm2013,
author = {Fromm, Michael and Nedoluha, Gerald and Charvát, Zdenek},
title = {Comment on "Large Volcanic Aerosol Load in the Stratosphere Linked to Asian Monsoon Transport"},
volume = {339},
number = {6120},
pages = {647},
year = {2013},
doi = {10.1126/science.1228605},
abstract ={Bourassa et al. (Reports, 6 July 2012, p. 78) report on the 13 June 2011 eruption of the Nabro volcano and satellite observations of stratospheric aerosol that they attribute to troposphere to stratosphere ascent via the Asian monsoon. They claim (citing another source) that the 13 June top injection height was well below the tropopause. We will show that the 13 June Nabro eruption plume was clearly stratospheric and contained both volcanic gases and aerosols. Moreover, we will show height-resolved stratospheric sulfur dioxide and volcanic aerosol enhancements 1 to 3 days old, unaffected by the Asian monsoon, precisely connected to the volcano. The observed stratospheric aerosols and gases are fully explained by the 13 June eruption and do not require a monsoon vehicle.},
URL = {http://www.sciencemag.org/content/339/6120/647.3.abstract},
eprint = {http://www.sciencemag.org/content/339/6120/647.3.full.pdf},
journal = {Science}
}

@article {Fromm2014,
author = {Fromm, M. and Kablick, G. and Nedoluha, G. and Carboni, E. and Grainger, R. and Campbell, J. and Lewis, J.},
title = {Correcting the record of volcanic stratospheric aerosol impact: Nabro and Sarychev Peak},
journal = {Journal of Geophysical Research: Atmospheres},
volume = {119},
number = {17},
issn = {2169-8996},
url = {http://dx.doi.org/10.1002/2014JD021507},
doi = {10.1002/2014JD021507},
pages = {10,343--10,364},
keywords = {volcano, stratosphere, aerosol, climate},
year = {2014},
}


@article{Fyfe2013,
  title={Overestimated global warming over the past 20 years},
  author={Fyfe, John C and Gillett, Nathan P and Zwiers, Francis W},
  journal={Nature Climate Change},
  volume={3},
  number={9},
  pages={767--769},
  year={2013},
  publisher={Nature Publishing Group}
}

@ARTICLE{Gass1991,
   author = {{Gass}, P.~A. and {Sambles}, J.~R.},
    title = "{Accurate design of a noncollinear acousto-optic tunable filter}",
  journal = {Optics Letters},
 keywords = {ACOUSTO-OPTICS, FILTERS, BRAGG DIFFRACTION},
     year = 1991,
    month = mar,
   volume = 16,
    pages = {429-431},
      doi = {10.1364/OL.16.000429},
}

@article{Georgiev2002,
author = {Georgi Georgiev and David A. Glenar and John J. Hillman},
journal = {Appl. Opt.},
keywords = {Image analysis; Acousto-optical devices; Spectrometers},
number = {1},
pages = {209--217},
publisher = {OSA},
title = {Spectral characterization of acousto-optic filters used in imaging spectroscopy},
volume = {41},
month = {Jan},
year = {2002},
url = {http://ao.osa.org/abstract.cfm?URI=ao-41-1-209},
doi = {10.1364/AO.41.000209},
}

@article{Gilbert2007,
  title={The onboard imagers for the Canadian ACE SCISAT-1 mission},
  author={Gilbert, KL and Turnbull, DN and Walker, KA and Boone, CD and McLeod, SD and Butler, M and Skelton, R and Bernath, PF and Chateauneuf, F and Soucy, M-A},
  journal={Journal of Geophysical Research: Atmospheres (1984--2012)},
  volume={112},
  number={D12},
  year={2007},
  publisher={Wiley Online Library}
}

@book{Guenther1990,
   author = {Robert Guenther},
    title = {Modern Optics},
publisher = {Wiley and Sons, Inc},
     year = {1990},
  edition = {1st Edition}
}

@article{Hamilton1969,
  title={Lidar measurement of backscatter and attenuation of atmospheric aerosol},
  author={Hamilton, PM},
  journal={Atmospheric Environment (1967)},
  volume={3},
  number={2},
  pages={221--223},
  year={1969},
  publisher={Elsevier}
}

@ARTICLE{Harris1969,
   author = {{Harris}, S.~E. and {Wallace}, R.~W.},
    title = "{Acousto-Optic Tunable Filter}",
  journal = {Journal of the Optical Society of America (1917-1983)},
     year = 1969,
    month = jun,
   volume = 59,
    pages = {744},
   adsurl = {http://adsabs.harvard.edu/abs/1969JOSA...59..744H},
  adsnote = {Provided by the SAO/NASA Astrophysics Data System}
}

@article {Haywood2014,
author = {Haywood, Jim M. and Jones, Andy and Jones, Gareth S.},
title = {The impact of volcanic eruptions in the period 2000–2013 on global mean temperature trends evaluated in the HadGEM2-ES climate model},
journal = {Atmospheric Science Letters},
volume = {15},
number = {2},
publisher = {John Wiley & Sons, Ltd},
issn = {1530-261X},
url = {http://dx.doi.org/10.1002/asl2.471},
doi = {10.1002/asl2.471},
pages = {92--96},
keywords = {stratospheric aerosol, volcanic eruptions, climate, global warming},
year = {2014},
}

@ARTICLE{Hofmann1989,
   author = {{Hofmann}, D.~J. and {Solomon}, S.},
    title = "{Ozone destruction through heterogeneous chemistry following the eruption of El Chichon}",
  journal = {\jgr},
     year = 1989,
    month = apr,
   volume = 94,
    pages = {5029-5041},
      doi = {10.1029/JD094iD04p05029},
   adsurl = {http://adsabs.harvard.edu/abs/1989JGR....94.5029H},
  adsnote = {Provided by the SAO/NASA Astrophysics Data System}
}

@article {Hofmann2009,
author = {Hofmann, David and Barnes, John and O'Neill, Michael and Trudeau, Michael and Neely, Ryan},
title = {Increase in background stratospheric aerosol observed with lidar at Mauna Loa Observatory and Boulder, Colorado},
journal = {Geophysical Research Letters},
volume = {36},
number = {15},
issn = {1944-8007},
url = {http://dx.doi.org/10.1029/2009GL039008},
doi = {10.1029/2009GL039008},
pages = {n/a--n/a},
keywords = {Aerosols and particles, Middle atmosphere: composition and chemistry, Pollution: urban and regional, Troposphere: composition and chemistry, Atmosphere, stratospheric aerosol, sulfur dioxide emissions, coal consumption},
year = {2009},
note = {L15808},
}


@ARTICLE{Hoinka1997,
  title={The tropopause: Discovery, definition and demarcation},
  author={Hoinka, KP},
  journal={Meteorologische Zeitschrift},
  volume={6},
  number={6},
  pages={281--303},
  year={1997},
  publisher={GEBRUDER BORNTRAEGER JOHANNESSTR 3A, D-70176 STUTTGART, GERMANY}
}

@article{Hu2009,
  title={CALIPSO/CALIOP cloud phase discrimination algorithm},
  author={Hu, Yongxiang and Winker, David and Vaughan, Mark and Lin, Bing and Omar, Ali and Trepte, Charles and Flittner, David and Yang, Ping and Nasiri, Shaima L and Baum, Bryan and others},
  journal={Journal of Atmospheric and Oceanic Technology},
  volume={26},
  number={11},
  pages={2293--2309},
  year={2009}
}

@article{Jager1991,
  title={Midlatitude lidar backscatter to mass, area, and extinction conversion model based on in situ aerosol measurements from 1980 to 1987},
  author={J{\"a}ger, Horst and Hofmann, David},
  journal={Applied optics},
  volume={30},
  number={1},
  pages={127--138},
  year={1991},
  publisher={Optical Society of America}
}

@ARTICLE{Junge1961,
   author = {{Junge}, C.~E. and {Chagnon}, C.~W. and {Manson}, J.~E.},
    title = "{Stratospheric Aerosols.}",
  journal = {Journal of Atmospheric Sciences},
     year = 1961,
    month = feb,
   volume = 18,
    pages = {81-108},
      doi = {10.1175/1520-0469(1961)018<0081:SA>2.0.CO;2},
   adsurl = {http://adsabs.harvard.edu/abs/1961JAtS...18...81J},
  adsnote = {Provided by the SAO/NASA Astrophysics Data System}
}

@article{Kacenelenbogen2011,
  title={An accuracy assessment of the CALIOP/CALIPSO version 2/version 3 daytime aerosol extinction product based on a detailed multi-sensor, multi-platform case study},
  author={Kacenelenbogen, M and Vaughan, MA and Redemann, J and Hoff, RM and Rogers, RR and Ferrare, RA and Russell, PB and Hostetler, CA and Hair, JW and Holben, BN},
  year={2011}
}

@article{Kiehl1993,
   author = {Kiehl, J. T. and Briegleb, B. P.},
    title = {The Relative Roles of Sulfate Aerosols and Greenhouse Gases in Climate Forcing},
   volume = {260},
   number = {5106},
    pages = {311-314},
     year = {1993},
      doi = {10.1126/science.260.5106.311},
      URL = {http://www.sciencemag.org/content/260/5106/311.abstract},
   eprint = {http://www.sciencemag.org/content/260/5106/311.full.pdf},
  journal = {Science}
}

@inproceedings{Kosch2003,
  title={Absolute optical calibration using a simple tungsten light bulb: Experiment},
  author={Kosch, MJ and M{\"a}kinen, S and Sigernes, F and Harang, O},
  booktitle={Proceedings of the 30th Annual European Meeting on Atmospheric Studies by Optical Methods},
  pages={50--54},
  year={2003}
}

@ARTICLE{Kravitz2010,
   author = {{Kravitz}, B. and {Robock}, A. and {Bourassa}, A.},
    title = "{Negligible climatic effects from the 2008 Okmok and Kasatochi volcanic eruptions}",
  journal = {Journal of Geophysical Research (Atmospheres)},
 keywords = {Volcanology: Atmospheric effects (0370), Atmospheric Composition and Structure: Aerosols and particles (0345, 4801, 4906), Global Change: Global climate models (3337, 4928), Atmospheric Processes: Remote sensing},
     year = 2010,
    month = aug,
   volume = 115,
   number = D14,
      eid = {D00L05},
    pages = {0},
      doi = {10.1029/2009JD013525},
   adsurl = {http://adsabs.harvard.edu/abs/2010JGRD..11500L05K},
  adsnote = {Provided by the SAO/NASA Astrophysics Data System}
}

@article{Krueger1993,
  title={Self-consistent method for determining vertical profiles of aerosol and atmospheric properties using a high spectral resolution Rayleigh-Mie lidar},
  author={Krueger, DA and Caldwell, LM and She, CY and Alvarez, RJ},
  journal={Journal of Atmospheric and Oceanic Technology},
  volume={10},
  number={4},
  pages={533--545},
  year={1993}
}

@article{Livesey2006,
  title={Retrieval algorithms for the EOS Microwave limb sounder (MLS)},
  author={Livesey, Nathaniel J and Van Snyder, W and Read, William G and Wagner, Paul A},
  journal={Geoscience and Remote Sensing, IEEE Transactions on},
  volume={44},
  number={5},
  pages={1144--1155},
  year={2006},
  publisher={IEEE}
}

@ARTICLE{Llewellyn2004,
   author = {{Llewellyn}, E. and {Lloyd}, N.~D. and {Degenstein}, D.~A. and
	{Gattinger}, R.~L. and {Petelina}, S.~V. and {Bourassa}, A.~E. and
	{Wiensz}, J.~T. and {Ivanov}, E.~V. and {McDade}, I.~C. and
	{Solheim}, B.~H. and {McConnell}, J.~C. and {Haley}, C.~S. and
	{von Savigny}, C. and {Sioris}, C.~E. and {McLinden}, C.~A. and
	{Griffioen}, E. and {Kaminski}, J. and {Evans}, W.~F.~J. and
	{Puckrin}, E. and {Strong}, K. and {Wehrle}, V. and {Hum}, R.~H. and
	{Kendall}, D.~J.~W. and {Matsushita}, J. and {Murtagh}, D.~P. and
	{Brohede}, S. and {Stegman}, J. and {Witt}, G. and {Barnes}, G. and
	{Payne}, W.~F. and {Piche}, L. and {Smith}, K. and {Warshaw}, G. and
	{Deslauniers}, D.~L. and {Marchand}, P. and {Richardson}, E.~H. and
	{King}, R.~A. and {Wevers}, I. and {McCreath}, W. and {Kyrola}, E. and
	{Oikarinen}, L. and {Leppelmeier}, G.~W. and {Auvinen}, H. and
	{Megie}, G. and {Hauchecorne}, A. and {Lefevre}, F. and {de La Noe}, J. and
	{Ricaud}, P. and {Frisk}, U. and {Sjoberg}, F. and {von Scheele}, F. and
	{Nordh}, L.},
    title = "{The OSIRIS instrument on the Odin spacecraft}",
  journal = {Canadian Journal of Physics},
 keywords = {emission rates, rocket measurement, profiles, satellite, tomography, densities, radiance, spectra, dayglow, system},
     year = 2004,
    month = jun,
   volume = 82,
    pages = {411-422},
      doi = {10.1139/p04-005},
   adsurl = {http://adsabs.harvard.edu/abs/2004CaJPh..82..411L},
  adsnote = {Provided by the SAO/NASA Astrophysics Data System}
}

@article{Marenco1997,
  title={Optical properties of tropospheric aerosols determined by lidar and spectrophotometric measurements (Photochemical Activity and Solar Ultraviolet Radiation campaign)},
  author={Marenco, Franco and Santacesaria, Vincenzo and Bais, Alkiviadis F and Balis, Dimitris and di Sarra, Alcide and Papayannis, Alexandros and Zerefos, Christos},
  journal={Applied Optics},
  volume={36},
  number={27},
  pages={6875--6886},
  year={1997},
  publisher={Optical Society of America}
}

@ARTICLE{Massie2010,
   author = {{Massie}, S.~T. and {Gille}, J. and {Craig}, C. and {Khosravi}, R. and
	{Barnett}, J. and {Read}, W. and {Winker}, D.},
    title = "{HIRDLS and CALIPSO observations of tropical cirrus}",
  journal = {Journal of Geophysical Research (Atmospheres)},
 keywords = {Atmospheric Composition and Structure, Atmospheric Composition and Structure: Cloud physics and chemistry, Atmospheric Composition and Structure: Aerosols and particles (0345, 4801, 4906)},
     year = 2010,
    month = jan,
   volume = 115,
   number = D14,
      eid = {D00H11},
    pages = {0},
      doi = {10.1029/2009JD012100},
}

@article{McCormick1979,
  title={Satellite studies of the stratospheric aerosol},
  author={McCormick, MP and Hamill, Patrick and Chu, WP and Swissler, TJ and McMaster, LR and Pepin, TJ},
  journal={Bulletin of the American meteorological Society},
  volume={60},
  number={9},
  pages={1038--1046},
  year={1979}
}

@article{McCormick1987,
  title={SAGE II: an overview},
  author={McCormick, MP},
  journal={Advances in space research},
  volume={7},
  number={3},
  pages={219--226},
  year={1987},
  publisher={Elsevier}
}

@ARTICLE{McCormick1995,
  title={Atmospheric effects of the Mt Pinatubo eruption},
  author={McCormick, M Patrick and Thomason, Larry W and Trepte, Charles R and others},
  journal={Nature},
  volume={373},
  number={6513},
  pages={399--404},
  year={1995}
}

@article{McElroy2007,
    author = {C. Thomas McElroy and Caroline R. Nowlan and James R. Drummond and Peter F. Bernath and David V. Barton and Denis G. Dufour and Clive Midwinter and Robert B. Hall and Akira Ogyu and Aaron Ullberg and David I. Wardle and Jay Kar and Jason Zou and Florian Nichitiu and Chris D. Boone and Kaley A. Walker and Neil Rowlands},
    journal = {Appl. Opt.},
    keywords = {Atmospheric composition; Ozone},
    number = {20},
    pages = {4341--4356},
    publisher = {OSA},
    title = {The ACE-MAESTRO instrument on SCISAT: description, performance, and preliminary results},
    volume = {46},
    month = {Jul},
    year = {2007},
    url = {http://ao.osa.org/abstract.cfm?URI=ao-46-20-4341},
    doi = {10.1364/AO.46.004341},
%abstract = {The Measurement of Aerosol Extinction in the Stratosphere and Troposphere Retrieved by Occultation (MAESTRO) instrument on the SCISAT satellite is a simple, compact spectrophotometer for the measurement of atmospheric extinction, ozone, nitrogen dioxide,and other trace gases in the stratosphere and upper troposphere as part of the Atmospheric Chemistry Experiment (ACE) mission. We provide an overview of the instrument from requirements to realization, including optical design, prelaunch and on-orbit performance, and a preliminary examination of retrievals of ozone and NO2.},
}

@article{Molteni1996,
  title={The ECMWF ensemble prediction system: Methodology and validation},
  author={Molteni, Franco and Buizza, Roberto and Palmer, Tim N and Petroliagis, Thomas},
  journal={Quarterly Journal of the Royal Meteorological Society},
  volume={122},
  number={529},
  pages={73--119},
  year={1996},
  publisher={Wiley Online Library}
}

@inproceedings{Muller2013,
  title={A Surface Reflectance Database for ESA’s Earth Observation Missions (ADAM)},
  author={Muller, Jan-Peter and Lewis, Philip and Br{\'e}on, Fran{\c{c}}ois-Marie and Bacour, C{\'e}dric and Price, Ivan and Chaumat, Laure and Prunet, Pascal and Gonzales, Louis and Schlundt, Cornelia and Vountas, Marco and others},
  booktitle={Living Planet Symposium},
  year={2013}
}

@article {Neely2014,
author = {Neely, R. R. and Yu, P. and Rosenlof, K. H. and Toon, O. B. and Daniel, J. S. and Solomon, S. and Miller, H. L.},
title = {The contribution of anthropogenic SO2 emissions to the Asian tropopause aerosol layer},
journal = {Journal of Geophysical Research: Atmospheres},
volume = {119},
number = {3},
issn = {2169-8996},
url = {http://dx.doi.org/10.1002/2013JD020578},
doi = {10.1002/2013JD020578},
pages = {1571--1579},
keywords = {Aerosols and particles, Constituent sources and sinks, Volcanic effects, Troposphere: composition and chemistry, Troposphere: constituent transport and chemistry, Asian tropopause aerosol layer, Asian monsoon, aerosol, UTLS, emissions, sulfate},
year = {2014}
}

@article{Oikarinen1999,
  title={Multiple scattering radiance in limb-viewing geometry},
  author={Oikarinen, Liisa and Sihvola, Elina and Kyr{\"o}l{\"a}, Erkki},
  journal={Journal of Geophysical Research: Atmospheres (1984--2012)},
  volume={104},
  number={D24},
  pages={31261--31274},
  year={1999},
  publisher={Wiley Online Library}
}

@article{Pollack1976,
  title={Volcanic explosions and climatic change: A theoretical assessment},
  author={Pollack, James B and Toon, Owen B and Sagan, Carl and Summers, Audrey and Baldwin, Betty and Van Camp, Warren},
  journal={Journal of Geophysical Research},
  volume={81},
  number={6},
  pages={1071--1083},
  year={1976},
  publisher={Wiley Online Library}
}

@article{Rault2013,
  title={The OMPS Limb Profiler environmental data record algorithm theoretical basis document and expected performance},
  author={Rault, Didier F and Loughman, Robert P},
  journal={Geoscience and Remote Sensing, IEEE Transactions on},
  volume={51},
  number={5},
  pages={2505--2527},
  year={2013},
  publisher={IEEE}
}

@article {Ridley2014,
author = {Ridley, D. A. and Solomon, S. and Barnes, J. E. and Burlakov, V. D. and Deshler, T. and Dolgii, S. I. and Herber, A. B. and Nagai, T. and Neely, R. R. and Nevzorov, A. V. and Ritter, C. and Sakai, T. and Santer, B. D. and Sato, M. and Schmidt, A. and Uchino, O. and Vernier, J. P.},
title = {Total volcanic stratospheric aerosol optical depths and implications for global climate change},
journal = {Geophysical Research Letters},
volume = {41},
number = {22},
issn = {1944-8007},
url = {http://dx.doi.org/10.1002/2014GL061541},
doi = {10.1002/2014GL061541},
pages = {7763--7769},
keywords = {Volcanic effects, Aerosols and particles, Climate change and variability, Radiative processes, Remote sensing, volcanic aerosol, forcing uncertainty, warming hiatus, AERONET retrieval, lower stratospheric AOD, stratospheric aerosol},
year = {2014},
note = {2014GL061541},
}

@MastersThesis{Rieger2012,
   author =     {{Rieger}, L.~A.},
    title =     "{Stratospheric Aerosol Particle Size Retrieval}",
   school =     {Univeristy of Saskatchewan},
     year =     {2012}
}

@Article{Rieger2014,
    AUTHOR = {Rieger, L. A. and Bourassa, A. E. and Degenstein, D. A.},
    TITLE = {Stratospheric aerosol particle size information in Odin-OSIRIS limb scatter spectra},
    JOURNAL = {Atmospheric Measurement Techniques},
    VOLUME = {7},
    YEAR = {2014},
    NUMBER = {2},
    PAGES = {507--522},
    URL = {http://www.atmos-meas-tech.net/7/507/2014/},
    DOI = {10.5194/amt-7-507-2014}
}

@article {Rieger2015,
author = {Rieger, L. A. and Bourassa, A. E. and Degenstein, D. A.},
title = {Merging the OSIRIS and SAGE II stratospheric aerosol records},
journal = {Journal of Geophysical Research: Atmospheres},
issn = {2169-8996},
url = {http://dx.doi.org/10.1002/2015JD023133},
doi = {10.1002/2015JD023133},
pages = {n/a--n/a},
keywords = {Aerosols and particles, SAGE II, OSIRIS, aerosol, stratosphere},
year = {2015},
note = {2015JD023133},
}

@book{Rodgers2000,
  title={Inverse Methods for Atmospheric Sounding: Theory and Practice},
  author={Rodgers, C.D.},
  series={Series on atmospheric, oceanic and planetary physics: 1999},
  url={https://books.google.ca/books?id=9IoscAAACAAJ},
  year={2000},
  publisher={World Scientific}
}

@Article{Rogers2011,
AUTHOR = {Rogers, R. R. and Hostetler, C. A. and Hair, J. W. and Ferrare, R. A. and Liu, Z. and Obland, M. D. and Harper, D. B. and Cook, A. L. and Powell, K. A. and Vaughan, M. A. and Winker, D. M.},
TITLE = {Assessment of the CALIPSO Lidar 532 nm attenuated backscatter calibration using the NASA LaRC airborne High Spectral Resolution Lidar},
JOURNAL = {Atmospheric Chemistry and Physics},
VOLUME = {11},
YEAR = {2011},
NUMBER = {3},
PAGES = {1295--1311},
URL = {http://www.atmos-chem-phys.net/11/1295/2011/},
DOI = {10.5194/acp-11-1295-2011}
}

@article{Rosen1964,
  title={The vertical distribution of dust to 30 kilometers},
  author={Rosen, James M},
  journal={Journal of Geophysical Research},
  volume={69},
  number={21},
  pages={4673--4676},
  year={1964},
  publisher={Wiley Online Library}
}

@article{Russell1989,
  title={SAGE II aerosol data validation and initial data use: An introduction and overview},
  author={Russell, PB and McCormick, MP},
  journal={Journal of Geophysical Research: Atmospheres (1984--2012)},
  volume={94},
  number={D6},
  pages={8335--8338},
  year={1989},
  publisher={Wiley Online Library}
}

@patent{Saito1976,
   author = {Saito K., T. Yano, A. Watanabe},
    title = {Acousto-Optic Filter},
     year = {1976},
    month = {03},
      day = {16},
   number = {US 3944335},
     type = {Patent},
 location = {US},
yearfiled = {1974},
monthfiled = {08},
 dayfiled = {27}
 }

@article{Schutz2005,
  title={Overview of the ICESat mission},
  author={Schutz, BE and Zwally, HJ and Shuman, CA and Hancock, D and DiMarzio, JP},
  journal={Geophysical Research Letters},
  volume={32},
  number={21},
  year={2005},
  publisher={Wiley Online Library}
}

@article {Sioris2010,
author = {Sioris, C. E. and Boone, C. D. and Bernath, P. F. and Zou, J. and McElroy, C. T. and McLinden, C. A.},
title = {Atmospheric Chemistry Experiment (ACE) observations of aerosol in the upper troposphere and lower stratosphere from the Kasatochi volcanic eruption},
journal = {Journal of Geophysical Research: Atmospheres},
volume = {115},
number = {D2},
issn = {2156-2202},
url = {http://dx.doi.org/10.1029/2009JD013469},
doi = {10.1029/2009JD013469},
pages = {n/a--n/a},
keywords = {Aerosols and particles, Volcanic effects, Optics, Remote sensing, volcanic, aerosol, extinction},
year = {2010},
note = {D00L14},
}

@book{Smith2000,
  title={Modern Optical Engineering},
  author={Smith, W. J.},
  year={2000},
  publisher={New York: McGraw-Hill}
}

@article{Solomon1999,
  title={Stratospheric ozone depletion: A review of concepts and history},
  author={Solomon, Susan},
  journal={Reviews of Geophysics},
  volume={37},
  number={3},
  pages={275--316},
  year={1999},
  publisher={Wiley Online Library}
}

@techreport{Solomon2007,
   author = {{Solomon}, S., and D. {Qin}, and M. {Manning}, and Z. {Chen}, and M. {Marquis}, and K.~B. {Averyt}, and M. {Tignor}, and H.~L. {Miller}},
    title = "{Contribution of Working Group I to the Fourth Assessment Report of the Intergovernmental Panel on Climate Change}",
publisher = {Cambridge University Press},
     year = {2007},
  edition = {1st Edition}
}

@ARTICLE{Solomon2010,
   author = {{Solomon}, S. and {Rosenlof}, K.~H. and {Portmann}, R.~W. and
	{Daniel}, J.~S. and {Davis}, S.~M. and {Sanford}, T.~J. and
	{Plattner}, G.-K.},
    title = "{Contributions of Stratospheric Water Vapor to Decadal Changes in the Rate of Global Warming}",
  journal = {Science},
     year = 2010,
    month = mar,
   volume = 327,
    pages = {1219-},
      doi = {10.1126/science.1182488},
   adsurl = {http://adsabs.harvard.edu/abs/2010Sci...327.1219S},
  adsnote = {Provided by the SAO/NASA Astrophysics Data System}
}

@article{Solomon2011,
   author = {Solomon, S. and Daniel, J. S. and Neely, R. R. and Vernier, J.-P. and Dutton, E. G. and Thomason, L. W.},
    title = {The Persistently Variable “Background” Stratospheric Aerosol Layer and Global Climate Change},
   volume = {333},
   number = {6044},
    pages = {866-870},
     year = {2011},
      doi = {10.1126/science.1206027},
 abstract ={Recent measurements demonstrate that the “background” stratospheric aerosol layer is persistently variable rather than constant, even in the absence of major volcanic eruptions. Several independent data sets show that stratospheric aerosols have increased in abundance since 2000. Near-global satellite aerosol data imply a negative radiative forcing due to stratospheric aerosol changes over this period of about –0.1 watt per square meter, reducing the recent global warming that would otherwise have occurred. Observations from earlier periods are limited but suggest an additional negative radiative forcing of about –0.1 watt per square meter from 1960 to 1990. Climate model projections neglecting these changes would continue to overestimate the radiative forcing and global warming in coming decades if these aerosols remain present at current values or increase.},
      URL = {http://www.sciencemag.org/content/333/6044/866.abstract},
   eprint = {http://www.sciencemag.org/content/333/6044/866.full.pdf},
  journal = {Science}
}

@book{Stocker2013,
  title={Climate Change 2013 The Physical Science Basis},
  author={Stocker, Thomas F and Qin, Dahe and Plattner, Gian-Kasper and Tignor, Melinda MB and Allen, Simon K and Boschung, Judith and Nauels, Alexander and Xia, Yu and Bex, Vincent and Midgley, Pauline M},
  year={2013}
}

@ARTICLE{Suhre2004,
   author = {{Suhre}, D.~R. and {Denes}, L.~J. and {Gupta}, N.},
    title = "{Telecentric confocal optics for aberration correction of acousto-optic tunable filters}",
  journal = {Applied Optics},
 keywords = {acousto-optical filters, optical tuning, optical dispersion, aberrations, light diffraction, optical elements, ray tracing},
     year = 2004,
    month = feb,
   volume = 43,
    pages = {1255-1260},
      doi = {10.1364/AO.43.001255},
   adsurl = {http://adsabs.harvard.edu/abs/2004ApOpt..43.1255S},
  adsnote = {Provided by the SAO/NASA Astrophysics Data System}
}

@article{Sawamura2012,
  author={P Sawamura and J P Vernier and J E Barnes and T A Berkoff and E J Welton and L Alados-Arboledas and F Navas-Guzmán and G
Pappalardo and L Mona and F Madonna and D Lange and M Sicard and S Godin-Beekmann and G Payen and Z Wang and S Hu and S N Tripathi and C
Cordoba-Jabonero and R M Hoff},
  title={Stratospheric AOD after the 2011 eruption of Nabro volcano measured by lidars over the Northern Hemisphere},
  journal={Environmental Research Letters},
  volume={7},
  number={3},
  pages={034013},
  url={http://stacks.iop.org/1748-9326/7/i=3/a=034013},
  year={2012},
  abstract={Nabro volcano (13.37°N, 41.70°E) in Eritrea erupted on 13 June 2011 generating a layer of sulfate aerosols that persisted in the stratosphere for months. For the first time we report on ground-based lidar observations of the same event from every continent in the Northern Hemisphere, taking advantage of the synergy between global lidar networks such as EARLINET, MPLNET and NDACC with independent lidar groups and satellite CALIPSO to track the evolution of the stratospheric aerosol layer in various parts of the globe. The globally averaged aerosol optical depth (AOD) due to the stratospheric volcanic aerosol layers was of the order of 0.018 ± 0.009 at 532 nm, ranging from 0.003 to 0.04. Compared to the total column AOD from the available collocated AERONET stations, the stratospheric contribution varied from 2% to 23% at 532 nm.}
}

@article{Takamura1994,
  title={Tropospheric aerosol optical properties derived from lidar, sun photometer, and optical particle counter measurements},
  author={Takamura, Tamio and Sasano, Yasuhiro and Hayasaka, Tadahiro},
  journal={Applied Optics},
  volume={33},
  number={30},
  pages={7132--7140},
  year={1994},
  publisher={Optical Society of America}
}

@article{Thomason2003,
  title={SAGE III aerosol extinction measurements: Initial results},
  author={Thomason, Larry W and Taha, Ghassan},
  journal={Geophysical research letters},
  volume={30},
  number={12},
  year={2003},
  publisher={Wiley Online Library}
}

@Article{Thomason2013,
AUTHOR = {Thomason, L. W. and Vernier, J.-P.},
TITLE = {Improved SAGE II cloud/aerosol categorization and observations of the Asian tropopause aerosol layer: 1989-;2005},
JOURNAL = {Atmospheric Chemistry and Physics},
VOLUME = {13},
YEAR = {2013},
NUMBER = {9},
PAGES = {4605--4616},
URL = {http://www.atmos-chem-phys.net/13/4605/2013/},
DOI = {10.5194/acp-13-4605-2013}
}

@article{Thomas2010,
  title={Observations of volcanic emissions from space: current and future perspectives},
  author={Thomas, HE and Watson, IM},
  journal={Natural hazards},
  volume={54},
  number={2},
  pages={323--354},
  year={2010},
  publisher={Springer}
}

@article{Uchida1971,
  title = {Optical Properties of Single-Crystal Paratellurite (Te${\mathrm{O}}_{2}$)},
  author = {Uchida, Naoya},
  journal = {Phys. Rev. B},
  volume = {4},
  issue = {10},
  pages = {3736--3745},
  numpages = {0},
  year = {1971},
  month = {Nov},
  publisher = {American Physical Society},
  doi = {10.1103/PhysRevB.4.3736},
  url = {http://link.aps.org/doi/10.1103/PhysRevB.4.3736}
}

@Article{Vanhellemont2008,
    AUTHOR = {Vanhellemont, F. and Tetard, C. and Bourassa, A. and Fromm, M. and Dodion, J. and Fussen, D. and Brogniez, C. and Degenstein, D. and Gilbert, K. L. and Turnbull, D. N. and Bernath, P. and Boone, C. and Walker, K. A.},
    TITLE = {Aerosol extinction profiles at 525 nm and 1020 nm derived from ACE imager data: comparisons with GOMOS, SAGE II, SAGE III, POAM III, and OSIRIS},
    JOURNAL = {Atmospheric Chemistry and Physics},
    VOLUME = {8},
    YEAR = {2008},
    NUMBER = {7},
    PAGES = {2027--2037},
    URL = {http://www.atmos-chem-phys.net/8/2027/2008/},
    DOI = {10.5194/acp-8-2027-2008}
}

@article{Vernier2009,
  title={Tropical stratospheric aerosol layer from CALIPSO lidar observations},
  author={Vernier, Jean-Paul and Pommereau, Jean-Pierre and Garnier, Anne and Pelon, Jacques and Larsen, N and Nielsen, J and Christensen, T and Cairo, F and Thomason, LW and Leblanc, T and others},
  journal={Journal of Geophysical Research: Atmospheres (1984--2012)},
  volume={114},
  number={D4},
  year={2009},
  publisher={Wiley Online Library}
}

@article{Vernier2011a,
  title={CALIPSO detection of an Asian tropopause aerosol layer},
  author={Vernier, J-P and Thomason, LW and Kar, J},
  journal={Geophysical Research Letters},
  volume={38},
  number={7},
  year={2011},
  publisher={Wiley Online Library}
}

@article {Vernier2011b,
  author = {Vernier, J.-P. and Thomason, L. W. and Pommereau, J.-P. and Bourassa, A. and Pelon, J. and Garnier, A. and Hauchecorne, A. and Blanot, L. and Trepte, C. and Degenstein, Doug and Vargas, F.},
  title = {Major influence of tropical volcanic eruptions on the stratospheric aerosol layer during the last decade},
  journal = {Geophysical Research Letters},
  volume = {38},
  number = {12},
  issn = {1944-8007},
  url = {http://dx.doi.org/10.1029/2011GL047563},
  doi = {10.1029/2011GL047563},
  pages = {n/a--n/a},
  keywords = {Aerosols and particles, Evolution of the atmosphere, Volcanic effects, aerosol, stratosphere, trend, volcano},
  year = {2011},
  note = {L12807}
}

@article{Vernier2013,
author = {Vernier, J.-P. and Thomason, L. W. and Fairlie, T. D. and Minnis, P. and Palikonda, R. and Bedka, K. M.},
title = {Comment on "Large Volcanic Aerosol Load in the Stratosphere Linked to Asian Monsoon Transport"},
volume = {339},
number = {6120},
pages = {647},
year = {2013},
doi = {10.1126/science.1227817},
abstract ={Bourassa et al. (Reports, 6 July 2012, p. 78) have suggested that deep convection associated with the Asian monsoon played a critical role in transporting sulfur dioxide associated with the Nabro volcanic eruption (13 June 2011) from the upper troposphere (9 to 14 kilometers) into the lower stratosphere. An analysis of the CALIPSO lidar data indicates, however, that the main part of the Nabro volcanic plume was injected directly into the lower stratosphere during the initial eruption well before reaching the Asian monsoon deep convective region.},
URL = {http://www.sciencemag.org/content/339/6120/647.4.abstract},
eprint = {http://www.sciencemag.org/content/339/6120/647.4.full.pdf},
journal = {Science}
}

@ARTICLE{Voloshinov1996,
   author = {{Voloshinov}, V.},
    title = "{Spectral and polarization analysis of optical images by means of acousto-optics}",
  journal = {Optics Laser Technology},
     year = 1996,
    month = mar,
   volume = 28,
    pages = {119-127},
      doi = {10.1016/0030-3992(95)00079-8},
   adsurl = {http://adsabs.harvard.edu/abs/1996OptLT..28..119V}
}

@ARTICLE{Voloshinov2006,
   author = {{Voloshinov}, V.~B. and {Mosquera}, J.~C.},
    title = "{Wide-aperture acousto-optic interaction in birefringent crystals}",
  journal = {Optics and Spectroscopy},
 keywords = {42.79.Jq, 78.20.Ci},
     year = 2006,
    month = oct,
   volume = 101,
    pages = {635-641},
      doi = {10.1134/S0030400X06100225},
   adsurl = {http://adsabs.harvard.edu/abs/2006OptSp.101..635V},
  adsnote = {Provided by the SAO/NASA Astrophysics Data System}
}

@ARTICLE{Voloshinov2007,
   author = {{Voloshinov}, V.~B. and {Yushkov}, K.~B. and {Linde}, B.~B.~J.},
    title = "{Improvement in performance of a TeO$_{2}$ acousto-optic imaging spectrometer}",
  journal = {Journal of Optics A: Pure and Applied Optics},
     year = 2007,
    month = apr,
   volume = 9,
    pages = {341-347},
      doi = {10.1088/1464-4258/9/4/006},
   adsurl = {http://adsabs.harvard.edu/abs/2007JOptA...9..341V}
}

@article{VonClarmann2003,
  title={Retrieval of temperature and tangent altitude pointing from limb emission spectra recorded from space by the Michelson Interferometer for Passive Atmospheric Sounding (MIPAS)},
  author={von Clarmann, vT and Glatthor, N and Grabowski, U and H{\"o}pfner, M and Kellmann, S and Kiefer, M and Linden, A and Tsidu, G Mengistu and Milz, M and Steck, T and others},
  journal={Journal of Geophysical Research: Atmospheres (1984--2012)},
  volume={108},
  number={D23},
  year={2003},
  publisher={Wiley Online Library}
}

@Article{VonSavigny2015,
AUTHOR = {von Savigny, C. and Ernst, F. and Rozanov, A. and Hommel, R. and Eichmann, K.-U. and Rozanov, V. and Burrows, J. P. and Thomason, L. W.},
TITLE = {Improved stratospheric aerosol extinction profiles from SCIAMACHY: validation and sample results},
JOURNAL = {Atmospheric Measurement Techniques Discussions},
VOLUME = {8},
YEAR = {2015},
NUMBER = {8},
PAGES = {8353--8383},
URL = {http://www.atmos-meas-tech-discuss.net/8/8353/2015/},
DOI = {10.5194/amtd-8-8353-2015}
}

@article{Waters2006,
  title={The earth observing system microwave limb sounder (EOS MLS) on the Aura satellite},
  author={Waters, Joe W and Froidevaux, Lucien and Harwood, Robert S and Jarnot, Robert F and Pickett, Herbert M and Read, William G and Siegel, Peter H and Cofield, Richard E and Filipiak, Mark J and Flower, Dennis A and others},
  journal={Geoscience and Remote Sensing, IEEE Transactions on},
  volume={44},
  number={5},
  pages={1075--1092},
  year={2006},
  publisher={IEEE}
}

@PHDThesis{Wiensz2012,
   author =     {{Wiensz}, J.~T.},
    title =     "{Optical properties of subvisual cirrus clouds measured by the OSIRIS instrument}",
   school =     {Univeristy of Saskatchewan},
     year =     {2012}
}

@article{Wiscombe1980,
  title={Improved Mie scattering algorithms},
  author={Wiscombe, Warren J},
  journal={Applied optics},
  volume={19},
  number={9},
  pages={1505--1509},
  year={1980},
  publisher={Optical Society of America}
}

@article{Winker2007,
  title={Initial performance assessment of CALIOP},
  author={Winker, David M and Hunt, William H and McGill, Matthew J},
  journal={Geophysical Research Letters},
  volume={34},
  number={19},
  year={2007},
  publisher={Wiley Online Library}
}

@article{Winker2003,
  title={The CALIPSO mission: Spaceborne lidar for observation of aerosols and clouds},
  author={Winker, David M and Pelon, Jacques R and McCormick, M Patrick},
  booktitle={Third International Asia-Pacific Environmental Remote Sensing Remote Sensing of the Atmosphere, Ocean, Environment, and Space},
  pages={1--11},
  year={2003},
  organization={International Society for Optics and Photonics}
}

@article{Winker2009,
  title={Overview of the CALIPSO mission and CALIOP data processing algorithms},
  author={Winker, David M and Vaughan, Mark A and Omar, Ali and Hu, Yongxiang and Powell, Kathleen A and Liu, Zhaoyan and Hunt, William H and Young, Stuart A},
  journal={Journal of Atmospheric and Oceanic Technology},
  volume={26},
  number={11},
  pages={2310--2323},
  year={2009}
}

@book{Xu1992,
  title={Acousto-optic devices: principles, design, and applications},
  author={Xu, Jieping and Stroud, Robert},
  volume={12},
  year={1992},
  publisher={Wiley-Interscience}
}

@patent{Yano1976,
   author = {Yano T., and A. Watanabe},
    title = {Acousto-Optic Filter},
     year = {1976},
    month = {03},
      day = {16},
   number = {US 3944334},
     type = {Patent},
 location = {US},
yearfiled = {1974},
monthfiled = {08},
 dayfiled = {27}
 }

 @article{Young2009,
  title={The retrieval of profiles of particulate extinction from Cloud-Aerosol Lidar Infrared Pathfinder Satellite Observations (CALIPSO) data: Algorithm description},
  author={Young, Stuart A and Vaughan, Mark A},
  journal={Journal of Atmospheric and Oceanic Technology},
  volume={26},
  number={6},
  pages={1105--1119},
  year={2009}
}

@Article{Zawada2015,
AUTHOR = {Zawada, D. J. and Dueck, S. R. and Rieger, L. A. and Bourassa, A. E. and Lloyd, N. D. and Degenstein, D. A.},
TITLE = {High resolution and Monte Carlo additions to the SASKTRAN radiative transfer model},
JOURNAL = {Atmospheric Measurement Techniques Discussions},
VOLUME = {8},
YEAR = {2015},
NUMBER = {3},
PAGES = {3357--3397},
URL = {http://www.atmos-meas-tech-discuss.net/8/3357/2015/},
DOI = {10.5194/amtd-8-3357-2015}
}
